@book{term-rewriting,
	author    = "Franz Baader and Tobias Nipkow",
	title     = "Term Rewriting and All That",
	year      = "1999",
	publisher = "Cambridge University Press",
}

@book{handbook,
	author    = "Abramsky et alii.",
	title     = "Handbook of Logic in Computer Science",
	year      = "1992",
	publisher = "Oxford University Press",
}

@online{ref1,
  title = {Debugging the code of an external library in Intellij Idea},
  year = 2017,
  url = {https://stackoverflow.com/questions/43396002/debugging-the-code-of-an-external-library-in-intellij-idea},
  urldate = {2017-04-08}
}

@online{ref2,
  title = {Online dependence not found in .ivy2 file and not found by Intellij Idea},
  year = 2017,
  url = {https://stackoverflow.com/questions/45463978/online-dependence-not-found-in-ivy2-file-and-not-found-by-intellij-idea},
  urldate = {2017-04-08}
}

@online{ref3,
  title = {Problems with SBT dependencies in Intellij Idea},
  year = 2017,
  url = {https://stackoverflow.com/questions/45471836/problems-with-sbt-dependencies-in-intellij-idea},
  urldate = {2017-04-08}
}

@online{ref4,
  title = {NoClassDefFoundError using sbt for builds and imports in Intellij Idea},
  year = 2017,
  url = {https://stackoverflow.com/questions/45486294/noclassdeffounderror-using-sbt-for-builds-and-imports-in-intellij-idea},
  urldate = {2017-08-4}
}

@online{ref5,
  title = {Integrating Intellij Idea and SBT },
  year = 2017,
  url = {https://intellij-support.jetbrains.com/hc/en-us/community/posts/115000475984-Integrating-Intellij-Idea-and-SBT},
  urldate = {2017-08-4}
}

@online{ref6,
  title = {Integrating Intellij Idea and SBT II },
  year = 2017,
  url = {https://intellij-support.jetbrains.com/hc/en-us/community/posts/115000493770-Integrating-Intellij-Idea-and-SBT-II?page=1#community_comment_115000407610},
  urldate = {2017-04-08}
}

@book{ref7,
	author    = "Josh Suereth and Matthew Farwell",
	title     = "SBT in Action",
	year      = "2015",
	publisher = "Manning Publications",
}

@article{leino,
    author =       "Rustan Leino",
    title =        "Automating induction with an SMT solver"
    publisher =    "Springer",
    year =         "2012",
}

@article{kuncak,
    author =       "Andrew Reynolds and Viktor Kuncak",
    title =        "Automating induction with an SMT solver"
    publisher =    "EPFL",
    year =         "2015",
}

@online{project,
  title = { Automatic theorem proving tools for Welder.},
  year = 2017,
  url = {https://github.com/rjraya/WelderToolbox},
  urldate = {2017-01-09}
}

@online{haskell1,
  title = {The term-rewriting package},
  year = 2017,
  url = {https://hackage.haskell.org/package/term-rewriting},
  urldate = {2017-01-09}
}

@article{haskell2,
    author =       "Bertram Felgenhauer et alii.",
    title =        "A Haskell Library for Term Rewriting"
    publisher =    "1st International Workshop on Haskell And Rewriting Techniques",
    year =         "2013",
}

@book{ideals,
	author    = "David Cox et alii.",
	title     = "Ideals, Varieties and Algorithms",
	year      = "1997",
	publisher = "Springer",
}

Petrovic, D. .

@article{groebner,
    author =       "D. Petrovic",
    title =        "Automated Proving in Geometry using Gr√∂bner Bases in Isabelle/HOL"
    publisher =    "ESSLLI 2011 Student Session",
    year =         "2011",
}
